@article{green_useoftools_2021,
	author = {Green, Daniel and Hargood, Charlie and Charles, Fred},
	title = {Use of Tools:\ UX Principles for Interactive Narrative Authoring Tools},
	journal = {Journal on Computing and Cultural Heritage},
	pages = {},
	volume = {14},
	number = {3},
	issn = {},
	doi = {10.1145/3458769},
	date = {2021}
}

@inproceedings{green_pipeline_2020,
	author = {Green, Daniel and Hargood, Charlie and Charles, Fred},
	title = {A Novel Design Pipeline for Authoring Tools},
	booktitle = {Interactive Storytelling},
	series = {Lecture Notes in Computer Science},
	publisher = {Springer},
	location = {Cham},
	pages = {102--110},
	isbn = {978-3-030-62516-0},
	doi = {10.1007/978-3-030-62516-0_9},
	date = {2020}
}

@inproceedings{green_novella_2019,
	author = {Green, Daniel and Hargood, Charlie and Charles, Fred},
	title = {Novella 2.0:\ A Hypertextual Architecture for Interactive Narrative in Games},
	booktitle = {Proceedings of the 30th ACM Conference on Hypertext and Social Media},
	series = {HT '19},
	publisher = {ACM},
	location = {Hof, Germany},
	pages = {77--86},
	isbn = {978-1-4503-6885-8},
	doi = {10.1145/3342220.3343655},
	date = {2019}
}

@inproceedings{green_contemporary_2018,
	author = {Green, Daniel and Hargood, Charlie and Charles, Fred},
	title = {Contemporary Issues in Interactive Storytelling Authoring Systems},
	booktitle = {Interactive Storytelling},
	series = {Lecture Notes in Computer Science},
	publisher = {Springer},
	location = {Cham},
	pages = {501--513},
	isbn = {978-3-030-04028-4},
	doi = {10.1007/978-3-030-04028-4_59},
	date = {2018}
}

@inproceedings{green_define_2018,
	author = {Green, Daniel and Hargood, Charlie and Charles, Fred},
	title = {Define ``Authoring Tool'':\ A Survey of Interactive Narrative Authoring Tools},
	eventtitle = {Authoring for Interactive Storytelling Workshop},
	date = {2018}
}

@inproceedings{green_novella_2018,
	author = {Green, Daniel and Hargood, Charlie and Charles, Fred and Jones, Alex},
	title = {Novella:\ A Proposition for Game-Based Storytelling},
	eventtitle = {Narrative and Hypertext Workshop},
	date = {2018}
}

@inproceedings{green_novella_dc_2018,
	author = {Green, Daniel},
	title = {Novella:\ An Authoring Tool for Interactive Storytelling in Games},
	booktitle = {Interactive Storytelling},
	series = {Lecture Notes in Computer Science},
	publisher = {Springer},
	location = {Cham},
	pages = {556--559},
	isbn = {978-3-030-04028-4},
	doi = {10.1007/978-3-030-04028-4_66},
	date = {2018}
}

@inproceedings{jones_shelleys_2018,
	author = {Jones, Alex and Gyori, Brad and Hargood, Charlie and Charles, Fred and Green, Daniel},
	title = {Shelley's Heart:\ Experiences in Designing a Multi-Reader Locative Narrative},
	eventtitle = {Narrative and Hypertext Workshop},
	date = {2018}
}

